@Manual{FIPS:180-1,
  author =       {{FIPS 180-1}},
  title =        {Secure Hash Standard},
  organization = {U.S. Department of Commerce/{N.I.S.T.}, National Technical Information Service},
  address =      {Springfield, VA},
  month =        Apr,
  year =         1995
}

@inproceedings{ coral:nsdi04,
    title = "Democratizing content publication with {Coral}",
    author = "Michael J. Freedman and Eric Freudenthal and David Mazi{\`e}res",
    booktitle = "Proc.\ 1st Symposium on Networked Systems Design and Implementation ({NSDI})",
    address = "San Francisco, CA",
    month = Mar,
    year = 2004
}

@inproceedings{vanbever2014anonymity,
  title={Anonymity on QuickSand: Using BGP to Compromise Tor},
  author={Vanbever, Laurent and Li, Oscar and Rexford, Jennifer and Mittal, Prateek},
  booktitle={Proceedings of the 13th ACM Workshop on Hot Topics in Networks},
  pages={14},
  year={2014},
  organization={ACM}
}

@article{shermanincentivize,
  title={Incentivize P2P Systems with Lightweight Micropayments},
  url = {http://www.cs.berkeley.edu/~kubitron/courses/cs262a-F13/projects/reports/project22_report.pdf}
  author={Sherman, Jonah and Lan, Chang}
}

@online{ tor:node,
    title = {Exit addresses},
    url = {https://check.torproject.org/exit-addresses},
    urldate = {2015-01-12}
}

@online{ tor:faq,
    title = {Tor FAQ},
    url = {https://www.torproject.org/docs/faq\#ChangePaths},
    urldate = {2015-01-12}
}

